<record><leader>00000cas a22000007a 4500</leader><controlfield tag="001">20456887</controlfield><controlfield tag="008">891009d18731873pr zr ne      0    0spa d</controlfield><datafield ind1=" " ind2=" " tag="010"><subfield code="a">sn 89078179 </subfield></datafield><datafield ind1=" " ind2=" " tag="040"><subfield code="a">PNN</subfield><subfield code="b">eng</subfield><subfield code="c">PNN</subfield><subfield code="d">DLC</subfield><subfield code="d">CNK</subfield><subfield code="d">OCLCQ</subfield></datafield><datafield ind1=" " ind2=" " tag="042"><subfield code="a">msc</subfield></datafield><datafield ind1="0" ind2=" " tag="130"><subfield code="a">Derecho (Ponce, P.R.)</subfield></datafield><datafield ind1="1" ind2="3" tag="245"><subfield code="a">El derecho.</subfield></datafield><datafield ind1=" " ind2=" " tag="260"><subfield code="a">Ponce, P.R. :</subfield><subfield code="b">Imprenta a cargo de Vidal</subfield></datafield><datafield ind1=" " ind2=" " tag="300"><subfield code="a">v.</subfield></datafield><datafield ind1=" " ind2=" " tag="310"><subfield code="a">Six no. a month</subfield></datafield><datafield ind1="1" ind2=" " tag="362"><subfield code="a">Began with Apr. 22, 1873 issue.</subfield></datafield><datafield ind1="0" ind2=" " tag="362"><subfield code="a">-An&#771;o 1, nu&#769;m. 37 (22 de oct. de 1873).</subfield></datafield><datafield ind1=" " ind2=" " tag="500"><subfield code="a">&quot;Perio&#769;dico poli&#769;tico, literario, comercial y de anuncios.&quot;</subfield></datafield><datafield ind1=" " ind2=" " tag="588"><subfield code="a">Description based on: An&#771;o 1, nu&#769;m. 2 (27 de abr. de 1873).</subfield></datafield><datafield ind1=" " ind2=" " tag="752"><subfield code="a">United States</subfield><subfield code="b">Puerto Rico</subfield><subfield code="d">Ponce.</subfield></datafield></record>